<record><leader>00000cas a2200000 a 4500</leader><controlfield tag="001">31714885</controlfield><controlfield tag="007">hd bfu---baat</controlfield><controlfield tag="007">hd afu---bact</controlfield><controlfield tag="008">941219d19041937nbudn nea     0    0eng d</controlfield><datafield ind1=" " ind2=" " tag="010"><subfield code="a">sn 94061457 </subfield></datafield><datafield ind1=" " ind2=" " tag="040"><subfield code="a">NVG</subfield><subfield code="b">eng</subfield><subfield code="c">NVG</subfield><subfield code="d">OCL</subfield><subfield code="d">OCLCQ</subfield></datafield><datafield ind1=" " ind2=" " tag="042"><subfield code="a">msc</subfield></datafield><datafield ind1=" " ind2=" " tag="043"><subfield code="a">n-us-nb</subfield></datafield><datafield ind1="0" ind2="0" tag="245"><subfield code="a">Fremont evening tribune</subfield><subfield code="h">[microform].</subfield></datafield><datafield ind1="1" ind2="7" tag="246"><subfield code="a">Fremont tribune</subfield><subfield code="f">&lt;May 12&gt;, 1909-&lt;1910&gt;</subfield></datafield><datafield ind1=" " ind2=" " tag="260"><subfield code="a">Fremont, Neb. :</subfield><subfield code="b">Hammond Print. Co.,</subfield><subfield code="c">1904-1937.</subfield></datafield><datafield ind1=" " ind2=" " tag="300"><subfield code="a">v.</subfield></datafield><datafield ind1=" " ind2=" " tag="310"><subfield code="a">Daily (except Sun.)</subfield></datafield><datafield ind1="0" ind2=" " tag="362"><subfield code="a">Sept. 29, 1904-v. 54, no. 242 (Feb. 23, 1937).</subfield></datafield><datafield ind1=" " ind2=" " tag="515"><subfield code="a">Numbering began with v. 39, no. 1, May 14, 1921.</subfield></datafield><datafield ind1=" " ind2=" " tag="580"><subfield code="a">Three times a week ed.: Fremont tri-weekly tribune, 1904-1917.</subfield></datafield><datafield ind1=" " ind2=" " tag="533"><subfield code="a">Microfilm.</subfield><subfield code="m">1904-1910,1917-1937:[Gaps]</subfield><subfield code="b">Lincoln, Neb. :</subfield><subfield code="c">Nebraska State Historical Society,</subfield><subfield code="d">1972.</subfield><subfield code="e">53 microfilm reels ; 35 mm.</subfield></datafield><datafield ind1=" " ind2=" " tag="752"><subfield code="a">United States</subfield><subfield code="b">Nebraska</subfield><subfield code="c">Dodge</subfield><subfield code="d">Fremont.</subfield></datafield><datafield ind1="1" ind2=" " tag="775"><subfield code="t">Fremont tri-weekly tribune</subfield><subfield code="w">(DLC)sn 94056675</subfield></datafield><datafield ind1="0" ind2="0" tag="780"><subfield code="t">Fremont daily tribune</subfield><subfield code="w">(DLC)sn 94061456</subfield></datafield><datafield ind1="0" ind2="5" tag="780"><subfield code="t">Fremont tri-weekly tribune</subfield><subfield code="w">(DLC)sn 94056675</subfield></datafield><datafield ind1="0" ind2="0" tag="785"><subfield code="t">Fremont daily tribune (Fremont, Neb. : 1937)</subfield><subfield code="w">(DLC)sn 94061458</subfield></datafield><datafield ind1="1" ind2=" " tag="029"><subfield code="a">AU@</subfield><subfield code="b">000011501327</subfield></datafield></record>